@STRING{assp = {IEEE Trans. on Acoustics, Speech, and Signal Processing} }
@STRING{com  = {IEEE Trans. Commun.} }
@STRING{wcom = {IEEE Trans. Wireless Commun.} }
@STRING{cma  = {IEEE Communications Magazine} }
@STRING{pma  = {IEEE Power and Energy Magazine} }
@STRING{commlett = {IEEE Commun.~Letters} }
@STRING{inf  = {IEEE Trans. Inform. Theory} }
@STRING{pow  = {IEEE Trans. on Power Systems} }
@STRING{veh  = {IEEE Trans. on Veh. Technol.} }
@STRING{sg   = {IEEE Trans. on Smart Grid} }
@STRING{sel  = {IEEE J. Select. Areas Commun.} }
@STRING{sip  = {IEEE Trans. Signal Processing} }
@STRING{siplett = {IEEE Signal Processing Letters} }
@STRING{ac   = {IEEE Trans. on Automatic Control} }
@STRING{tsg  = {IEEE Trans. on Smart Grid} }
@STRING{neu  = {IEEE Trans. on Neural Networks} }
@STRING{csi  = {IEEE Trans. on Circuits and Systems I: Fundamental Theory and Applications} }
@STRING{ple  = {Plenum Press} }
@STRING{bel  = {Bell System Technical Journal} }
@STRING{pre  = {Prentice--Hall, Inc.} }
@STRING{old  = {Oldenbourg Verlag} }
@STRING{spr  = {Springer Verlag} }
@STRING{teu  = {B.G. Teubner} }
@STRING{wil  = {John Wiley \& Sons, Inc.} }
@STRING{ntz  = {Nachrichtentechnische Zeitschrift (ntz)} }

@article{hackel2016fast,
	title={Fast semantic segmentation of 3D point clouds with strongly varying density},
	author={Hackel, Timo and Wegner, Jan D and Schindler, Konrad},
	journal={ISPRS annals of the photogrammetry, remote sensing and spatial information sciences},
	volume={3},
	pages={177--184},
	year={2016},
	publisher={Copernicus}
}

@inproceedings{zhang2014loam,
	title={LOAM: Lidar Odometry and Mapping in Real-time.},
	author={Zhang, Ji and Singh, Sanjiv},
	booktitle={Robotics: Science and Systems},
	volume={2},
	number={9},
	year={2014}
}

@article{pan2021mulls,
	title={MULLS: Versatile LiDAR SLAM via Multi-metric Linear Least Square},
	author={Pan, Yue and Xiao, Pengchuan and He, Yujie and Shao, Zhenlei and Li, Zesong},
	journal={arXiv preprint arXiv:2102.03771},
	year={2021}
}

@inproceedings{ester1996density,
	title={A density-based algorithm for discovering clusters in large spatial databases with noise.},
	author={Ester, Martin and Kriegel, Hans-Peter and Sander, J{\"o}rg and Xu, Xiaowei and others},
	booktitle={kdd},
	volume={96},
	number={34},
	pages={226--231},
	year={1996}
}

